<record><leader>00000cas a2200000Ia 4500</leader><controlfield tag="001">9452066</controlfield><controlfield tag="008">830426d18571858ksuwr ne      0    0ger d</controlfield><datafield ind1=" " ind2=" " tag="010"><subfield code="a">sn 83040106 </subfield></datafield><datafield ind1=" " ind2=" " tag="040"><subfield code="a">KSH</subfield><subfield code="b">eng</subfield><subfield code="c">KSH</subfield><subfield code="d">NPT</subfield><subfield code="d">NPX</subfield><subfield code="d">NPT</subfield><subfield code="d">OCLCQ</subfield><subfield code="d">UKMGB</subfield><subfield code="d">OCLCF</subfield><subfield code="d">OCLCO</subfield><subfield code="d">OCLCQ</subfield></datafield><datafield ind1="7" ind2=" " tag="016"><subfield code="a">013939370</subfield><subfield code="2">Uk</subfield></datafield><datafield ind1="0" ind2=" " tag="041"><subfield code="a">ger</subfield><subfield code="a">eng</subfield></datafield><datafield ind1="0" ind2="0" tag="245"><subfield code="a">Kansas Zeitung.</subfield></datafield><datafield ind1=" " ind2=" " tag="260"><subfield code="a">Atchison, Kan. Terr. :</subfield><subfield code="b">Karl Fr. Kob</subfield></datafield><datafield ind1=" " ind2=" " tag="300"><subfield code="a">volumes ;</subfield><subfield code="c">57 cm</subfield></datafield><datafield ind1=" " ind2=" " tag="310"><subfield code="a">Weekly</subfield></datafield><datafield ind1=" " ind2=" " tag="336"><subfield code="a">text</subfield><subfield code="b">txt</subfield><subfield code="2">rdacontent</subfield></datafield><datafield ind1=" " ind2=" " tag="337"><subfield code="a">unmediated</subfield><subfield code="b">n</subfield><subfield code="2">rdamedia</subfield></datafield><datafield ind1=" " ind2=" " tag="338"><subfield code="a">volume</subfield><subfield code="b">nc</subfield><subfield code="2">rdacarrier</subfield></datafield><datafield ind1="1" ind2=" " tag="362"><subfield code="a">Began with July 15, 1857 issue; ceased in Nov. 1858.</subfield></datafield><datafield ind1=" " ind2=" " tag="500"><subfield code="a">Publishers: Karl Friedrich Kob, 1857-1858; L. Souszman, &lt;1858&gt;.</subfield></datafield><datafield ind1=" " ind2=" " tag="500"><subfield code="a">Subtitle: Ein Organ fu&#776;r freies Wort, freien Boden and freie Ma&#776;nner.</subfield></datafield><datafield ind1=" " ind2=" " tag="500"><subfield code="a">"Free-state Party."</subfield></datafield><datafield ind1=" " ind2=" " tag="500"><subfield code="a">Editors: Karl Friedrich Kob, 1857-1858; L. Souszman, &lt;1858&gt;.</subfield></datafield><datafield ind1="8" ind2=" " tag="521"><subfield code="a">"The only German paper in the Territory, and on the Missouri River."</subfield></datafield><datafield ind1=" " ind2=" " tag="546"><subfield code="a">In German and English.</subfield></datafield><datafield ind1="0" ind2=" " tag="588"><subfield code="a">Jahrg. 1, Nr. 2 (22. Juli 1857).</subfield></datafield><datafield ind1=" " ind2="0" tag="650"><subfield code="a">German American newspapers.</subfield></datafield><datafield ind1=" " ind2="7" tag="650"><subfield code="a">German American newspapers.</subfield><subfield code="2">fast</subfield><subfield code="0">(OCoLC)fst00941297</subfield></datafield><datafield ind1="1" ind2=" " tag="700"><subfield code="a">Kob, Karl Friedrich.</subfield></datafield><datafield ind1=" " ind2=" " tag="752"><subfield code="a">United States</subfield><subfield code="b">Kansas</subfield><subfield code="c">Atchison</subfield><subfield code="d">Atchison.</subfield></datafield><datafield ind1="0" ind2="0" tag="785"><subfield code="t">Leavenworth Zeitung</subfield><subfield code="w">(DLC)sn 85029291</subfield></datafield></record>